@ARTICLE{ARTICLE:1,
    AUTHOR="Richard Hammack",
    TITLE="A Geometric View of Complex Trigonometric Functions",
    JOURNAL="The College Mathematics Journal",
    YEAR="2007",
}
@ARTICLE{ARTICLE:2,
    AUTHOR="B. de Smit and H. W. Lenstra Jr.",
    TITLE="The Mathematical Structure of Escherâ€™s Print Gallery",
    JOURNAL="NOTICES OF THE AMS",
    YEAR="2003",
}
@BOOK{BOOK:1,
    AUTHOR="Peter J. Olver",
    TITLE="Complex Analysis and Conformal Mapping",
    PUBLISHER="Peter J. Olver",
    YEAR="2020",
}
@BOOK{BOOK:2,
    AUTHOR="R. R. Rosales, Andre Nachbin, Jeremy Orloff, and Jorn Dunkel",
    TITLE="18.04 Complex analysis with applications",
    PUBLISHER="R. R. Rosales",
    YEAR="2020",
}
@BOOK{BOOK:3,
    AUTHOR="Dan Romik",
    TITLE="Complex Analysis Lecture Notes",
    PUBLISHER="Dan Romik",
    YEAR="2020",
}
